<collection xmlns="http://www.loc.gov/MARC21/slim">
<record>
  <leader>02044nam0a2200361 i 450 </leader>
  <controlfield tag="001">IT\ICCU\CNCE\034887</controlfield>
  <controlfield tag="005">20070926000000.0</controlfield>
  <datafield tag="012" ind1=" " ind2=" ">
    <subfield code="a">eoe- eser a-od neni (3) 1538 (R)</subfield>
    <subfield code="2">fei</subfield>
  </datafield>
  <datafield tag="100" ind1=" " ind2=" ">
    <subfield code="a">19980108d1538        0itac0103    ba</subfield>
  </datafield>
  <datafield tag="101" ind1=" " ind2=" ">
    <subfield code="a">LAT</subfield>
  </datafield>
  <datafield tag="102" ind1=" " ind2=" ">
    <subfield code="a">IT</subfield>
  </datafield>
  <datafield tag="200" ind1="1" ind2=" ">
    <subfield code="a">Anthidotarius animae, meditationum, confessionum, ac deuotarum orationum insignis libelus, omnibus Christi fidelibus sume necessitatis, nouiter adamussim recognitus, cunctisque mendis &amp; erroribus, expurgatus, additis quampluribus sanctissimis orationibus, quae in alijs hactenus impressis minime reperiuntur, reposito fideli indice in calce totius opusculi, in quo omnia digna cognitu reperiuntur</subfield>
  </datafield>
  <datafield tag="210" ind1=" " ind2=" ">
    <subfield code="e">Impressum Venetijs</subfield>
    <subfield code="g">per Alouisyum de Tortis</subfield>
    <subfield code="h">1538</subfield>
  </datafield>
  <datafield tag="215" ind1=" " ind2=" ">
    <subfield code="a">296, \8! c.</subfield>
    <subfield code="d">16ʻ</subfield>
  </datafield>
  <datafield tag="300" ind1=" " ind2=" ">
    <subfield code="a">Il nome dell&apos;autore si ricava dall&apos;intitolazione</subfield>
  </datafield>
  <datafield tag="620" ind1=" " ind2=" ">
    <subfield code="a">IT</subfield>
    <subfield code="d">Venezia</subfield>
  </datafield>
  <datafield tag="700" ind1=" " ind2="0">
    <subfield code="a">Nicolaus</subfield>
    <subfield code="c"> : Salicetus</subfield>
    <subfield code="3">IT\ICCU\CNCA\009697</subfield>
  </datafield>
  <datafield tag="712" ind1="0" ind2="0">
    <subfield code="a">Torti, Luigi</subfield>
    <subfield code="3">IT\ICCU\CNCT\000102</subfield>
    <subfield code="4">650</subfield>
  </datafield>
  <datafield tag="790" ind1=" " ind2="1">
    <subfield code="a">Wydenbosch,</subfield>
    <subfield code="b">Nikolaus</subfield>
    <subfield code="3">IT\ICCU\CNCA\009698</subfield>
    <subfield code="z">Nicolaus : Salicetus</subfield>
  </datafield>
  <datafield tag="790" ind1=" " ind2="1">
    <subfield code="a">Weidenbusch,</subfield>
    <subfield code="b">Nikolaus</subfield>
    <subfield code="3">IT\ICCU\CNCA\022551</subfield>
    <subfield code="z">Nicolaus : Salicetus</subfield>
  </datafield>
  <datafield tag="790" ind1=" " ind2="0">
    <subfield code="a"></subfield>
    <subfield code="c"> : da#Saliceto</subfield>
    <subfield code="3">IT\ICCU\CNCA\022817</subfield>
    <subfield code="z">Nicolaus : Salicetus</subfield>
  </datafield>
  <datafield tag="790" ind1=" " ind2="1">
    <subfield code="a">Salicetus,</subfield>
    <subfield code="b">Nicolaus</subfield>
    <subfield code="3">IT\ICCU\CNCA\025968</subfield>
    <subfield code="z">Nicolaus : Salicetus</subfield>
  </datafield>
  <datafield tag="791" ind1="0" ind2="0">
    <subfield code="a">De_Tortis, Alvise</subfield>
    <subfield code="3">IT\ICCU\CNCT\004134</subfield>
    <subfield code="z">Torti, Luigi</subfield>
  </datafield>
  <datafield tag="791" ind1="0" ind2="0">
    <subfield code="a">Torto, Alvise</subfield>
    <subfield code="3">IT\ICCU\CNCT\005593</subfield>
    <subfield code="z">Torti, Luigi</subfield>
  </datafield>
  <datafield tag="791" ind1="0" ind2="0">
    <subfield code="a">Tortis, Aluvixio de</subfield>
    <subfield code="3">IT\ICCU\CNCT\005594</subfield>
    <subfield code="z">Torti, Luigi</subfield>
  </datafield>
  <datafield tag="801" ind1=" " ind2="3">
    <subfield code="a">IT</subfield>
    <subfield code="b">ICCU</subfield>
    <subfield code="c">20201114</subfield>
  </datafield>
  <datafield tag="899" ind1=" " ind2=" ">
    <subfield code="a">Biblioteca comunale. Fabriano</subfield>
    <subfield code="1">AN0033</subfield>
    <subfield code="2">URB BF</subfield>
  </datafield>
  <datafield tag="899" ind1=" " ind2=" ">
    <subfield code="a">Biblioteca conventuale Maria Immacolata. Montecalvo Irpino</subfield>
    <subfield code="1">AV0047</subfield>
    <subfield code="2">ZAV 12</subfield>
  </datafield>
  <datafield tag="899" ind1=" " ind2=" ">
    <subfield code="a">Biblioteca Apostolica Vaticana. Citt ̉del Vaticano</subfield>
    <subfield code="1">EX0001</subfield>
    <subfield code="2">ZCV 01</subfield>
  </datafield>
  <datafield tag="899" ind1=" " ind2=" ">
    <subfield code="a">Biblioteca di Stato e Beni Librari. Repubblica di San Marino</subfield>
    <subfield code="1">EX0030</subfield>
    <subfield code="2">RAV BS</subfield>
  </datafield>
  <datafield tag="899" ind1=" " ind2=" ">
    <subfield code="a">Biblioteca nazionale centrale. Firenze</subfield>
    <subfield code="1">FI0098</subfield>
    <subfield code="2">CFI CF</subfield>
  </datafield>
  <datafield tag="899" ind1=" " ind2=" ">
    <subfield code="a">Biblioteca nazionale centrale. Roma</subfield>
    <subfield code="1">RM0267</subfield>
    <subfield code="2">BVE CR</subfield>
  </datafield>
  <datafield tag="899" ind1=" " ind2=" ">
    <subfield code="a">Biblioteca Angelica. Roma</subfield>
    <subfield code="1">RM0290</subfield>
    <subfield code="2">RML 06</subfield>
  </datafield>
</record>
</collection>
